<collection xmlns="http://www.loc.gov/MARC21/slim"><record><leader>00674nam  2200205   450</leader><controlfield tag="001">851</controlfield><controlfield tag="003">http://montalegre.opacnet.com/OPAC/default.aspx?ContentAreaControl=ShowRegHoldings.ascx&amp;RegNo=16662</controlfield><datafield tag="100" ind1=" " ind2=" "><subfield code="a">20061013d1978    m  y0pora010305  ba</subfield></datafield><datafield tag="101" ind1="1" ind2=" "><subfield code="a">por</subfield><subfield code="c">fre</subfield></datafield><datafield tag="102" ind1=" " ind2=" "><subfield code="a">PT</subfield></datafield><datafield tag="200" ind1="1" ind2=" "><subfield code="a">&lt;Os &gt;náufragos de Auckland</subfield><subfield code="f">F. E. Raynal</subfield><subfield code="g">trad. de T. Faria</subfield></datafield><datafield tag="210" ind1=" " ind2=" "><subfield code="a">Lisboa</subfield><subfield code="c">Vega</subfield><subfield code="d">imp. 1978</subfield></datafield><datafield tag="215" ind1=" " ind2=" "><subfield code="a">321, [3] p.</subfield><subfield code="c">il.</subfield><subfield code="d">20 cm</subfield></datafield><datafield tag="225" ind1="2" ind2=" "><subfield code="a">Agua azul</subfield><subfield code="v">2</subfield></datafield><datafield tag="304" ind1=" " ind2=" "><subfield code="a">Tít. orig. Les naufragés des Iles Auckland</subfield></datafield><datafield tag="675" ind1=" " ind2=" "><subfield code="a">087.5</subfield><subfield code="z">por</subfield></datafield><datafield tag="700" ind1=" " ind2="1"><subfield code="a">Raynal</subfield><subfield code="b">F. E.</subfield></datafield><datafield tag="702" ind1=" " ind2="1"><subfield code="a">Faria</subfield><subfield code="b">T.</subfield><subfield code="4">730</subfield></datafield><datafield tag="801" ind1=" " ind2="0"><subfield code="a">PT</subfield><subfield code="b">Biblioteca Municipal de Montalegre</subfield><subfield code="g">RPC</subfield></datafield><datafield tag="856" ind1=" " ind2=" "><subfield code="u">locateMedia.asp?cod=20060627103443&amp;ext=jpg</subfield><subfield code="z">CAPA</subfield></datafield><datafield tag="909" ind1="&#9;" ind2=" "><subfield code="a">1</subfield></datafield><datafield tag="966" ind1=" " ind2=" "><subfield code="a">0003338</subfield><subfield code="l">BMM</subfield><subfield code="s">SJ 087.5 RAY nau 8</subfield></datafield></record></collection>